<record><leader>00000cas a22000007a 4500</leader><controlfield tag="001">38785586</controlfield><controlfield tag="008">980321d1882188utnuwr ne      0    0eng d</controlfield><datafield ind1=" " ind2=" " tag="010"><subfield code="a">sn 98069761 </subfield></datafield><datafield ind1=" " ind2=" " tag="040"><subfield code="a">TGN</subfield><subfield code="b">eng</subfield><subfield code="c">TGN</subfield><subfield code="d">OCLCQ</subfield><subfield code="d">OCLCO</subfield></datafield><datafield ind1="1" ind2=" " tag="029"><subfield code="a">AU@</subfield><subfield code="b">000013798316</subfield></datafield><datafield ind1=" " ind2=" " tag="042"><subfield code="a">msc</subfield></datafield><datafield ind1="0" ind2="0" tag="245"><subfield code="a">Taylorsville reporter.</subfield></datafield><datafield ind1=" " ind2=" " tag="260"><subfield code="a">Taylorsville, Tenn. :</subfield><subfield code="b">Keys &amp; Craig,</subfield><subfield code="c">1882-</subfield></datafield><datafield ind1=" " ind2=" " tag="300"><subfield code="a">v.</subfield></datafield><datafield ind1=" " ind2=" " tag="310"><subfield code="a">Weekly</subfield></datafield><datafield ind1="0" ind2=" " tag="362"><subfield code="a">Vol. 1, no. 1 (Oct. 11, 1882)-</subfield></datafield><datafield ind1=" " ind2=" " tag="500"><subfield code="a">Publishers: W.R. Keys &amp; W.F. Craig, &lt;1882&gt;; W.R. Keys, &lt;1883-1884&gt;</subfield></datafield><datafield ind1=" " ind2=" " tag="500"><subfield code="a">Taylorsville became Mountain City in 1885.</subfield></datafield><datafield ind1=" " ind2="0" tag="651"><subfield code="a">Taylorsville (Tenn.)</subfield><subfield code="v">Newspapers.</subfield></datafield><datafield ind1=" " ind2="0" tag="651"><subfield code="a">Mountain City (Tenn.)</subfield><subfield code="v">Newspapers.</subfield></datafield><datafield ind1=" " ind2="0" tag="651"><subfield code="a">Johnson County (Tenn.)</subfield><subfield code="v">Newspapers.</subfield></datafield><datafield ind1=" " ind2=" " tag="752"><subfield code="a">United States</subfield><subfield code="b">Tennessee</subfield><subfield code="c">Johnson</subfield><subfield code="d">Taylorsville.</subfield></datafield><datafield ind1=" " ind2=" " tag="752"><subfield code="a">United States</subfield><subfield code="b">Tennessee</subfield><subfield code="c">Johnson</subfield><subfield code="d">Mountain City.</subfield></datafield><datafield ind1="0" ind2="0" tag="785"><subfield code="t">Tennessee tomahawk</subfield><subfield code="w">(DLC)sn 98069758</subfield></datafield></record>